<record><leader>00000cas a22000007a 4500</leader><controlfield tag="001">17500154</controlfield><controlfield tag="008">880218d19431970lauwr ne      0    0eng d</controlfield><datafield ind1=" " ind2=" " tag="010"><subfield code="a">sn 88064124 </subfield></datafield><datafield ind1=" " ind2=" " tag="040"><subfield code="a">LNP</subfield><subfield code="b">eng</subfield><subfield code="c">LNP</subfield><subfield code="d">OCLCQ</subfield></datafield><datafield ind1=" " ind2=" " tag="042"><subfield code="a">msc</subfield></datafield><datafield ind1="0" ind2=" " tag="130"><subfield code="a">Houma courier (Houma, La. : 1943)</subfield></datafield><datafield ind1="1" ind2="4" tag="245"><subfield code="a">The Houma courier.</subfield></datafield><datafield ind1=" " ind2=" " tag="260"><subfield code="a">Houma, La. :</subfield><subfield code="b">Houma Courier Pub. Co.</subfield></datafield><datafield ind1=" " ind2=" " tag="310"><subfield code="a">Weekly</subfield></datafield><datafield ind1="0" ind2=" " tag="362"><subfield code="a">65th year, no. 7 (Mar. 4, 1943)-92nd year, no. 37 (Sept. 11, 1970).</subfield></datafield><datafield ind1=" " ind2=" " tag="752"><subfield code="a">United States</subfield><subfield code="b">Louisiana</subfield><subfield code="c">Terrebonne</subfield><subfield code="d">Houma.</subfield></datafield><datafield ind1="0" ind2="0" tag="780"><subfield code="t">Houma daily courier (Houma, La. : 1939)</subfield><subfield code="w">(DLC)sn 88064123</subfield></datafield><datafield ind1="0" ind2="7" tag="785"><subfield code="t">Terrebonne press</subfield><subfield code="w">(DLC)sn 88064126</subfield></datafield><datafield ind1="0" ind2="7" tag="785"><subfield code="t">Houma daily courier and the Terrebonne press</subfield><subfield code="w">(DLC)sn 82015043</subfield></datafield></record>